%% This BibTeX bibliography file was created using BibDesk.
%% http://bibdesk.sourceforge.net/


%% Created for Valeriy Tenishev at 2014-06-27 11:35:58 -0400 


%% Saved with string encoding Unicode (UTF-8) 



@article{Crovisier-1984-AA,
	Author = {{Crovisier}, J.},
	Date-Added = {2014-06-27 15:35:43 +0000},
	Date-Modified = {2014-06-27 15:35:43 +0000},
	Journal = {Astronomy and Astrophysics},
	Keywords = {comet,H2O,OH,Radiative transfer,Rotational Relaxation,optical properties,cooling,heating},
	Number = {2},
	Pages = {361-372},
	Title = {The water molecule in comets - Fluorescence mechanisms and thermodynamics of the inner coma},
	Volume = {130},
	Year = {1984}}

@article{Davidsson-2006-icarus,
	Author = {Bj{\"o}rn J. R {Davidsson} and Pedro J. {Guti{\'e}rrez}},
	Date-Added = {2014-06-27 15:31:52 +0000},
	Date-Modified = {2014-06-27 15:31:52 +0000},
	Journal = {Icarus},
	Pages = {224-242},
	Title = {Using Non-Gravitational Force Modeling to Estimate Masses of Cometary Nuclei},
	Volume = {180},
	Year = {2006}}

@article{Davidsson-2005-icarus,
	Author = {{Davidsson}, B. J. R. and {Guti{\'e}rrez}, P. J.},
	Date-Added = {2014-06-27 15:31:46 +0000},
	Date-Modified = {2014-06-27 15:31:46 +0000},
	Journal = {Icarus},
	Keywords = {comet,cometary nucleus,comet CG,Rosetta mission},
	Number = {2},
	Pages = {453-477},
	Title = {Nucleus Properties of Comet {67P/Churyumov-Gerasimenko} Estimated from Non-Gravitational Force Modeling},
	Volume = {176},
	Year = {2005}}

@article{Davidsson-2004-icarus,
	Author = {Bj{\"o}rn J. R. {Davidsson} and Pedro J. {Guti{\'e}rrez}},
	Date-Added = {2014-06-27 15:31:37 +0000},
	Date-Modified = {2014-06-27 15:31:37 +0000},
	Journal = {Icarus},
	Keywords = {comet,cometary nucleus,imaging,heat transfer,evaporation},
	Number = {2},
	Pages = {392-408},
	Title = {Estimating the nucleus density of Comet {19P/Borrelly}},
	Volume = {168},
	Year = {2004}}

@article{Lamy-2006-AA,
	Author = {{Lamy}, P. L. and {Toth}, I. and {Weaver}, H. A. and {Jorda}, L. and {Kaasalainen}, M. and {Guti{\'e}rrez}, P. J.},
	Date-Added = {2014-06-27 15:30:55 +0000},
	Date-Modified = {2014-06-27 15:30:55 +0000},
	Journal = {Astronomy and Astrophysics},
	Keywords = {comet,comet CG,cometary nucleus,imaging},
	Number = {2},
	Pages = {669-678},
	Title = {{Hubble Space Telescope} observations of the nucleus and inner coma of comet {67P/Churyumov-Gerasimenko}},
	Volume = {458},
	Year = {2006}}

@article{Tenishev-2011-AJ,
	Author = {Valeriy Tenishev and Michael R. Combi and Martin Rubin},
	Date-Added = {2014-06-27 15:28:43 +0000},
	Date-Modified = {2014-06-27 15:28:43 +0000},
	Journal = {Astrophysical Journal},
	Keywords = {cometary dust,comet,comet CG,particle methods},
	Number = {2},
	Title = {Numerical Simulation of Dust in a Cometary Coma: Application to Comet {67P/Churyumov-Gerasimenko}},
	Volume = {732},
	Year = {2011}}

@article{Tenishev-2008-AJ,
	Author = {Valeriy {Tenishev} and Michael {Combi} and Bj{\"o}rn {Davidsson}},
	Date-Added = {2014-06-27 15:22:37 +0000},
	Date-Modified = {2014-06-27 15:22:37 +0000},
	Journal = {Astrophysical Journal},
	Keywords = {comet,comet CG,DSMC},
	Pages = {659-677},
	Title = {A Global Kinetic model for cometary comae. {The} evolution of the coma of the {Rosetta} target comet {Churyumov-Gerasimenko} throughout the mission},
	Volume = {685},
	Year = {2008}}
